%YAML 1.1
%TAG !u! tag:unity3d.com,2011:
--- !u!1 &7993384440606652983
GameObject:
  m_ObjectHideFlags: 0
  m_CorrespondingSourceObject: {fileID: 0}
  m_PrefabInstance: {fileID: 0}
  m_PrefabAsset: {fileID: 0}
  serializedVersion: 6
  m_Component:
  - component: {fileID: 1522831809372948511}
  m_Layer: 0
  m_Name: PlayerSet
  m_TagString: Untagged
  m_Icon: {fileID: 0}
  m_NavMeshLayer: 0
  m_StaticEditorFlags: 0
  m_IsActive: 1
--- !u!4 &1522831809372948511
Transform:
  m_ObjectHideFlags: 0
  m_CorrespondingSourceObject: {fileID: 0}
  m_PrefabInstance: {fileID: 0}
  m_PrefabAsset: {fileID: 0}
  m_GameObject: {fileID: 7993384440606652983}
  m_LocalRotation: {x: 0, y: 0, z: 0, w: 1}
  m_LocalPosition: {x: 0, y: 0, z: 0}
  m_LocalScale: {x: 1, y: 1, z: 1}
  m_Children:
  - {fileID: 5428062671633018790}
  - {fileID: 2155329791360182583}
  - {fileID: 6834475921281100684}
  - {fileID: 1877585266035565023}
  - {fileID: 8480976035848368896}
  m_Father: {fileID: 0}
  m_RootOrder: 0
  m_LocalEulerAnglesHint: {x: 0, y: 0, z: 0}
--- !u!1001 &4963835934479271838
PrefabInstance:
  m_ObjectHideFlags: 0
  serializedVersion: 2
  m_Modification:
    m_TransformParent: {fileID: 1522831809372948511}
    m_Modifications:
    - target: {fileID: 1890379176131652626, guid: 4d3b45d36f009584088618ab3fd25222, type: 3}
      propertyPath: m_RootOrder
      value: 2
      objectReference: {fileID: 0}
    - target: {fileID: 1890379176131652626, guid: 4d3b45d36f009584088618ab3fd25222, type: 3}
      propertyPath: m_LocalPosition.x
      value: 0
      objectReference: {fileID: 0}
    - target: {fileID: 1890379176131652626, guid: 4d3b45d36f009584088618ab3fd25222, type: 3}
      propertyPath: m_LocalPosition.y
      value: 0
      objectReference: {fileID: 0}
    - target: {fileID: 1890379176131652626, guid: 4d3b45d36f009584088618ab3fd25222, type: 3}
      propertyPath: m_LocalPosition.z
      value: 0
      objectReference: {fileID: 0}
    - target: {fileID: 1890379176131652626, guid: 4d3b45d36f009584088618ab3fd25222, type: 3}
      propertyPath: m_LocalRotation.w
      value: 1
      objectReference: {fileID: 0}
    - target: {fileID: 1890379176131652626, guid: 4d3b45d36f009584088618ab3fd25222, type: 3}
      propertyPath: m_LocalRotation.x
      value: -0
      objectReference: {fileID: 0}
    - target: {fileID: 1890379176131652626, guid: 4d3b45d36f009584088618ab3fd25222, type: 3}
      propertyPath: m_LocalRotation.y
      value: -0
      objectReference: {fileID: 0}
    - target: {fileID: 1890379176131652626, guid: 4d3b45d36f009584088618ab3fd25222, type: 3}
      propertyPath: m_LocalRotation.z
      value: -0
      objectReference: {fileID: 0}
    - target: {fileID: 1890379176131652626, guid: 4d3b45d36f009584088618ab3fd25222, type: 3}
      propertyPath: m_LocalEulerAnglesHint.x
      value: 0
      objectReference: {fileID: 0}
    - target: {fileID: 1890379176131652626, guid: 4d3b45d36f009584088618ab3fd25222, type: 3}
      propertyPath: m_LocalEulerAnglesHint.y
      value: 0
      objectReference: {fileID: 0}
    - target: {fileID: 1890379176131652626, guid: 4d3b45d36f009584088618ab3fd25222, type: 3}
      propertyPath: m_LocalEulerAnglesHint.z
      value: 0
      objectReference: {fileID: 0}
    - target: {fileID: 1890379176131652630, guid: 4d3b45d36f009584088618ab3fd25222, type: 3}
      propertyPath: m_Name
      value: AimPos
      objectReference: {fileID: 0}
    m_RemovedComponents: []
  m_SourcePrefab: {fileID: 100100000, guid: 4d3b45d36f009584088618ab3fd25222, type: 3}
--- !u!4 &6834475921281100684 stripped
Transform:
  m_CorrespondingSourceObject: {fileID: 1890379176131652626, guid: 4d3b45d36f009584088618ab3fd25222, type: 3}
  m_PrefabInstance: {fileID: 4963835934479271838}
  m_PrefabAsset: {fileID: 0}
--- !u!1001 &4963835934636197308
PrefabInstance:
  m_ObjectHideFlags: 0
  serializedVersion: 2
  m_Modification:
    m_TransformParent: {fileID: 1522831809372948511}
    m_Modifications:
    - target: {fileID: 1971768899449452852, guid: bd74e7c525c095d4caa0134f8955d2df, type: 3}
      propertyPath: m_Name
      value: ThirdPersonCamera
      objectReference: {fileID: 0}
    - target: {fileID: 3783969817679555613, guid: bd74e7c525c095d4caa0134f8955d2df, type: 3}
      propertyPath: m_Follow
      value: 
      objectReference: {fileID: 8480976035459266772}
    - target: {fileID: 3783969817679555613, guid: bd74e7c525c095d4caa0134f8955d2df, type: 3}
      propertyPath: m_LookAt
      value: 
      objectReference: {fileID: 8480976035459266772}
    - target: {fileID: 3783969817784329255, guid: bd74e7c525c095d4caa0134f8955d2df, type: 3}
      propertyPath: m_Follow
      value: 
      objectReference: {fileID: 8480976035459266772}
    - target: {fileID: 3783969817784329255, guid: bd74e7c525c095d4caa0134f8955d2df, type: 3}
      propertyPath: m_LookAt
      value: 
      objectReference: {fileID: 8480976035459266772}
    - target: {fileID: 6840285731542393955, guid: bd74e7c525c095d4caa0134f8955d2df, type: 3}
      propertyPath: m_RootOrder
      value: 3
      objectReference: {fileID: 0}
    - target: {fileID: 6840285731542393955, guid: bd74e7c525c095d4caa0134f8955d2df, type: 3}
      propertyPath: m_LocalPosition.x
      value: 0
      objectReference: {fileID: 0}
    - target: {fileID: 6840285731542393955, guid: bd74e7c525c095d4caa0134f8955d2df, type: 3}
      propertyPath: m_LocalPosition.y
      value: 0
      objectReference: {fileID: 0}
    - target: {fileID: 6840285731542393955, guid: bd74e7c525c095d4caa0134f8955d2df, type: 3}
      propertyPath: m_LocalPosition.z
      value: 0
      objectReference: {fileID: 0}
    - target: {fileID: 6840285731542393955, guid: bd74e7c525c095d4caa0134f8955d2df, type: 3}
      propertyPath: m_LocalRotation.w
      value: 1
      objectReference: {fileID: 0}
    - target: {fileID: 6840285731542393955, guid: bd74e7c525c095d4caa0134f8955d2df, type: 3}
      propertyPath: m_LocalRotation.x
      value: -0
      objectReference: {fileID: 0}
    - target: {fileID: 6840285731542393955, guid: bd74e7c525c095d4caa0134f8955d2df, type: 3}
      propertyPath: m_LocalRotation.y
      value: -0
      objectReference: {fileID: 0}
    - target: {fileID: 6840285731542393955, guid: bd74e7c525c095d4caa0134f8955d2df, type: 3}
      propertyPath: m_LocalRotation.z
      value: -0
      objectReference: {fileID: 0}
    - target: {fileID: 6840285731542393955, guid: bd74e7c525c095d4caa0134f8955d2df, type: 3}
      propertyPath: m_LocalEulerAnglesHint.x
      value: 0
      objectReference: {fileID: 0}
    - target: {fileID: 6840285731542393955, guid: bd74e7c525c095d4caa0134f8955d2df, type: 3}
      propertyPath: m_LocalEulerAnglesHint.y
      value: 0
      objectReference: {fileID: 0}
    - target: {fileID: 6840285731542393955, guid: bd74e7c525c095d4caa0134f8955d2df, type: 3}
      propertyPath: m_LocalEulerAnglesHint.z
      value: 0
      objectReference: {fileID: 0}
    m_RemovedComponents: []
  m_SourcePrefab: {fileID: 100100000, guid: bd74e7c525c095d4caa0134f8955d2df, type: 3}
--- !u!4 &1877585266035565023 stripped
Transform:
  m_CorrespondingSourceObject: {fileID: 6840285731542393955, guid: bd74e7c525c095d4caa0134f8955d2df, type: 3}
  m_PrefabInstance: {fileID: 4963835934636197308}
  m_PrefabAsset: {fileID: 0}
--- !u!1 &8097554574339582399 stripped
GameObject:
  m_CorrespondingSourceObject: {fileID: 3783969817679555587, guid: bd74e7c525c095d4caa0134f8955d2df, type: 3}
  m_PrefabInstance: {fileID: 4963835934636197308}
  m_PrefabAsset: {fileID: 0}
--- !u!1001 &4963835935336879218
PrefabInstance:
  m_ObjectHideFlags: 0
  serializedVersion: 2
  m_Modification:
    m_TransformParent: {fileID: 1522831809372948511}
    m_Modifications:
    - target: {fileID: 1132457696720370644, guid: be7b601bead346c4b92b2622a31a76c8, type: 3}
      propertyPath: m_RootOrder
      value: 0
      objectReference: {fileID: 0}
    - target: {fileID: 1132457696720370644, guid: be7b601bead346c4b92b2622a31a76c8, type: 3}
      propertyPath: m_LocalPosition.x
      value: -0.63577044
      objectReference: {fileID: 0}
    - target: {fileID: 1132457696720370644, guid: be7b601bead346c4b92b2622a31a76c8, type: 3}
      propertyPath: m_LocalPosition.y
      value: 13.505254
      objectReference: {fileID: 0}
    - target: {fileID: 1132457696720370644, guid: be7b601bead346c4b92b2622a31a76c8, type: 3}
      propertyPath: m_LocalPosition.z
      value: -12.812913
      objectReference: {fileID: 0}
    - target: {fileID: 1132457696720370644, guid: be7b601bead346c4b92b2622a31a76c8, type: 3}
      propertyPath: m_LocalRotation.w
      value: 1
      objectReference: {fileID: 0}
    - target: {fileID: 1132457696720370644, guid: be7b601bead346c4b92b2622a31a76c8, type: 3}
      propertyPath: m_LocalRotation.x
      value: -0
      objectReference: {fileID: 0}
    - target: {fileID: 1132457696720370644, guid: be7b601bead346c4b92b2622a31a76c8, type: 3}
      propertyPath: m_LocalRotation.y
      value: -0
      objectReference: {fileID: 0}
    - target: {fileID: 1132457696720370644, guid: be7b601bead346c4b92b2622a31a76c8, type: 3}
      propertyPath: m_LocalRotation.z
      value: -0
      objectReference: {fileID: 0}
    - target: {fileID: 1132457696720370644, guid: be7b601bead346c4b92b2622a31a76c8, type: 3}
      propertyPath: m_LocalEulerAnglesHint.x
      value: 0
      objectReference: {fileID: 0}
    - target: {fileID: 1132457696720370644, guid: be7b601bead346c4b92b2622a31a76c8, type: 3}
      propertyPath: m_LocalEulerAnglesHint.y
      value: 0
      objectReference: {fileID: 0}
    - target: {fileID: 1132457696720370644, guid: be7b601bead346c4b92b2622a31a76c8, type: 3}
      propertyPath: m_LocalEulerAnglesHint.z
      value: 0
      objectReference: {fileID: 0}
    - target: {fileID: 1132457696720370647, guid: be7b601bead346c4b92b2622a31a76c8, type: 3}
      propertyPath: m_Name
      value: ObjectPooler
      objectReference: {fileID: 0}
    m_RemovedComponents: []
  m_SourcePrefab: {fileID: 100100000, guid: be7b601bead346c4b92b2622a31a76c8, type: 3}
--- !u!4 &5428062671633018790 stripped
Transform:
  m_CorrespondingSourceObject: {fileID: 1132457696720370644, guid: be7b601bead346c4b92b2622a31a76c8, type: 3}
  m_PrefabInstance: {fileID: 4963835935336879218}
  m_PrefabAsset: {fileID: 0}
--- !u!1001 &4963835935487900658
PrefabInstance:
  m_ObjectHideFlags: 0
  serializedVersion: 2
  m_Modification:
    m_TransformParent: {fileID: 1522831809372948511}
    m_Modifications:
    - target: {fileID: 3553741146825001070, guid: 42b1e6d2703ab384694840b408c29a3f, type: 3}
      propertyPath: m_Data.m_SourceObjects.m_Item0.transform
      value: 
      objectReference: {fileID: 6834475921281100684}
    - target: {fileID: 3553741147813873871, guid: 42b1e6d2703ab384694840b408c29a3f, type: 3}
      propertyPath: m_Data.m_SourceObjects.m_Item0.transform
      value: 
      objectReference: {fileID: 6834475921281100684}
    - target: {fileID: 3553741148151646450, guid: 42b1e6d2703ab384694840b408c29a3f, type: 3}
      propertyPath: m_RootOrder
      value: 4
      objectReference: {fileID: 0}
    - target: {fileID: 3553741148151646450, guid: 42b1e6d2703ab384694840b408c29a3f, type: 3}
      propertyPath: m_LocalPosition.x
      value: 0
      objectReference: {fileID: 0}
    - target: {fileID: 3553741148151646450, guid: 42b1e6d2703ab384694840b408c29a3f, type: 3}
      propertyPath: m_LocalPosition.y
      value: 0
      objectReference: {fileID: 0}
    - target: {fileID: 3553741148151646450, guid: 42b1e6d2703ab384694840b408c29a3f, type: 3}
      propertyPath: m_LocalPosition.z
      value: 0
      objectReference: {fileID: 0}
    - target: {fileID: 3553741148151646450, guid: 42b1e6d2703ab384694840b408c29a3f, type: 3}
      propertyPath: m_LocalRotation.w
      value: 1
      objectReference: {fileID: 0}
    - target: {fileID: 3553741148151646450, guid: 42b1e6d2703ab384694840b408c29a3f, type: 3}
      propertyPath: m_LocalRotation.x
      value: -0
      objectReference: {fileID: 0}
    - target: {fileID: 3553741148151646450, guid: 42b1e6d2703ab384694840b408c29a3f, type: 3}
      propertyPath: m_LocalRotation.y
      value: -0
      objectReference: {fileID: 0}
    - target: {fileID: 3553741148151646450, guid: 42b1e6d2703ab384694840b408c29a3f, type: 3}
      propertyPath: m_LocalRotation.z
      value: -0
      objectReference: {fileID: 0}
    - target: {fileID: 3553741148151646450, guid: 42b1e6d2703ab384694840b408c29a3f, type: 3}
      propertyPath: m_LocalEulerAnglesHint.x
      value: 0
      objectReference: {fileID: 0}
    - target: {fileID: 3553741148151646450, guid: 42b1e6d2703ab384694840b408c29a3f, type: 3}
      propertyPath: m_LocalEulerAnglesHint.y
      value: 0
      objectReference: {fileID: 0}
    - target: {fileID: 3553741148151646450, guid: 42b1e6d2703ab384694840b408c29a3f, type: 3}
      propertyPath: m_LocalEulerAnglesHint.z
      value: 0
      objectReference: {fileID: 0}
    - target: {fileID: 3553741148151646459, guid: 42b1e6d2703ab384694840b408c29a3f, type: 3}
      propertyPath: m_Name
      value: Player
      objectReference: {fileID: 0}
    - target: {fileID: 3553741148151646462, guid: 42b1e6d2703ab384694840b408c29a3f, type: 3}
      propertyPath: m_aimPos
      value: 
      objectReference: {fileID: 6834475921281100684}
    - target: {fileID: 3553741148151646462, guid: 42b1e6d2703ab384694840b408c29a3f, type: 3}
      propertyPath: m_aimCamera
      value: 
      objectReference: {fileID: 8097554574339582399}
    - target: {fileID: 3553741148377515446, guid: 42b1e6d2703ab384694840b408c29a3f, type: 3}
      propertyPath: m_Data.m_SourceObjects.m_Item0.transform
      value: 
      objectReference: {fileID: 6834475921281100684}
    m_RemovedComponents: []
  m_SourcePrefab: {fileID: 100100000, guid: 42b1e6d2703ab384694840b408c29a3f, type: 3}
--- !u!4 &8480976035848368896 stripped
Transform:
  m_CorrespondingSourceObject: {fileID: 3553741148151646450, guid: 42b1e6d2703ab384694840b408c29a3f, type: 3}
  m_PrefabInstance: {fileID: 4963835935487900658}
  m_PrefabAsset: {fileID: 0}
--- !u!4 &8480976035459266772 stripped
Transform:
  m_CorrespondingSourceObject: {fileID: 3553741148502967078, guid: 42b1e6d2703ab384694840b408c29a3f, type: 3}
  m_PrefabInstance: {fileID: 4963835935487900658}
  m_PrefabAsset: {fileID: 0}
--- !u!1001 &4963835936064780302
PrefabInstance:
  m_ObjectHideFlags: 0
  serializedVersion: 2
  m_Modification:
    m_TransformParent: {fileID: 1522831809372948511}
    m_Modifications:
    - target: {fileID: 6416032417217417529, guid: b33fbdd266eb26a44b4e4acb33a97509, type: 3}
      propertyPath: m_RootOrder
      value: 1
      objectReference: {fileID: 0}
    - target: {fileID: 6416032417217417529, guid: b33fbdd266eb26a44b4e4acb33a97509, type: 3}
      propertyPath: m_LocalPosition.x
      value: -207
      objectReference: {fileID: 0}
    - target: {fileID: 6416032417217417529, guid: b33fbdd266eb26a44b4e4acb33a97509, type: 3}
      propertyPath: m_LocalPosition.y
      value: 0
      objectReference: {fileID: 0}
    - target: {fileID: 6416032417217417529, guid: b33fbdd266eb26a44b4e4acb33a97509, type: 3}
      propertyPath: m_LocalPosition.z
      value: 0
      objectReference: {fileID: 0}
    - target: {fileID: 6416032417217417529, guid: b33fbdd266eb26a44b4e4acb33a97509, type: 3}
      propertyPath: m_LocalRotation.w
      value: 1
      objectReference: {fileID: 0}
    - target: {fileID: 6416032417217417529, guid: b33fbdd266eb26a44b4e4acb33a97509, type: 3}
      propertyPath: m_LocalRotation.x
      value: -0
      objectReference: {fileID: 0}
    - target: {fileID: 6416032417217417529, guid: b33fbdd266eb26a44b4e4acb33a97509, type: 3}
      propertyPath: m_LocalRotation.y
      value: -0
      objectReference: {fileID: 0}
    - target: {fileID: 6416032417217417529, guid: b33fbdd266eb26a44b4e4acb33a97509, type: 3}
      propertyPath: m_LocalRotation.z
      value: -0
      objectReference: {fileID: 0}
    - target: {fileID: 6416032417217417529, guid: b33fbdd266eb26a44b4e4acb33a97509, type: 3}
      propertyPath: m_LocalEulerAnglesHint.x
      value: 0
      objectReference: {fileID: 0}
    - target: {fileID: 6416032417217417529, guid: b33fbdd266eb26a44b4e4acb33a97509, type: 3}
      propertyPath: m_LocalEulerAnglesHint.y
      value: 0
      objectReference: {fileID: 0}
    - target: {fileID: 6416032417217417529, guid: b33fbdd266eb26a44b4e4acb33a97509, type: 3}
      propertyPath: m_LocalEulerAnglesHint.z
      value: 0
      objectReference: {fileID: 0}
    - target: {fileID: 6416032417217417530, guid: b33fbdd266eb26a44b4e4acb33a97509, type: 3}
      propertyPath: m_Name
      value: WorldBox
      objectReference: {fileID: 0}
    m_RemovedComponents: []
  m_SourcePrefab: {fileID: 100100000, guid: b33fbdd266eb26a44b4e4acb33a97509, type: 3}
--- !u!4 &2155329791360182583 stripped
Transform:
  m_CorrespondingSourceObject: {fileID: 6416032417217417529, guid: b33fbdd266eb26a44b4e4acb33a97509, type: 3}
  m_PrefabInstance: {fileID: 4963835936064780302}
  m_PrefabAsset: {fileID: 0}
